<record><leader>00000cas a22000007a 4500</leader><controlfield tag="001">37150900</controlfield><controlfield tag="008">970619c19969999ctuwr ne      0   a0eng d</controlfield><datafield ind1=" " ind2=" " tag="010"><subfield code="a">sn 97060919 </subfield></datafield><datafield ind1=" " ind2=" " tag="040"><subfield code="a">CNW</subfield><subfield code="b">eng</subfield><subfield code="c">CNW</subfield><subfield code="d">OCL</subfield><subfield code="d">NSD</subfield><subfield code="d">OCLCQ</subfield><subfield code="d">CZL</subfield><subfield code="d">OCLCQ</subfield><subfield code="d">OCLCF</subfield></datafield><datafield ind1=" " ind2=" " tag="012"><subfield code="l">1</subfield><subfield code="m">0</subfield></datafield><datafield ind1="1" ind2=" " tag="022"><subfield code="a">1526-6826</subfield><subfield code="l">1526-6826</subfield><subfield code="2">1</subfield></datafield><datafield ind1=" " ind2=" " tag="037"><subfield code="b">The Source, P.O. Box 1154, Madison, CT 06443</subfield></datafield><datafield ind1=" " ind2=" " tag="042"><subfield code="a">nsdp</subfield><subfield code="a">msc</subfield></datafield><datafield ind1=" " ind2=" " tag="043"><subfield code="a">n-us-ct</subfield></datafield><datafield ind1=" " ind2=" " tag="090"><subfield code="a">AN104.M14</subfield><subfield code="b">S68</subfield></datafield><datafield ind1="0" ind2=" " tag="130"><subfield code="a">Source (Madison, Conn.)</subfield></datafield><datafield ind1=" " ind2="4" tag="222"><subfield code="a">The source</subfield><subfield code="b">(Madison, Conn.)</subfield></datafield><datafield ind1="1" ind2="4" tag="245"><subfield code="a">The source.</subfield></datafield><datafield ind1=" " ind2=" " tag="260"><subfield code="a">Madison, CT :</subfield><subfield code="b">Shore Marketing,</subfield><subfield code="c">1996-</subfield></datafield><datafield ind1=" " ind2=" " tag="300"><subfield code="a">v.</subfield></datafield><datafield ind1=" " ind2=" " tag="310"><subfield code="a">Weekly,</subfield><subfield code="b">&lt;May 19, 2005-&gt;</subfield></datafield><datafield ind1=" " ind2=" " tag="321"><subfield code="a">Irregular,</subfield><subfield code="b">Mar.- June 1996</subfield></datafield><datafield ind1=" " ind2=" " tag="321"><subfield code="a">Monthly,</subfield><subfield code="b">Aug.-Dec. 1996</subfield></datafield><datafield ind1=" " ind2=" " tag="321"><subfield code="a">Biweekly,</subfield><subfield code="b">Jan. 1997-</subfield></datafield><datafield ind1="0" ind2=" " tag="362"><subfield code="a">Vol. 1, issue 1 (Mar. 1996)-</subfield></datafield><datafield ind1=" " ind2=" " tag="500"><subfield code="a">Covers Madison and Killingworth, Conn., June 23, 2005-</subfield></datafield><datafield ind1=" " ind2=" " tag="588"><subfield code="a">Description based on fragments of vol. 1, no. 1 (Mar. 1996).</subfield></datafield><datafield ind1=" " ind2=" " tag="588"><subfield code="a">Latest issue consulted: Vol. 14, issue 30 (July 27, 2009).</subfield></datafield><datafield ind1=" " ind2="0" tag="651"><subfield code="a">Madison (Conn.)</subfield><subfield code="v">Newspapers.</subfield></datafield><datafield ind1=" " ind2="0" tag="651"><subfield code="a">Killingworth (Conn.)</subfield><subfield code="v">Newspapers.</subfield></datafield><datafield ind1=" " ind2="7" tag="655"><subfield code="a">Newspapers.</subfield><subfield code="2">fast</subfield><subfield code="0">(OCoLC)fst01423814</subfield></datafield><datafield ind1=" " ind2="7" tag="651"><subfield code="a">Connecticut</subfield><subfield code="z">Killingworth.</subfield><subfield code="2">fast</subfield><subfield code="0">(OCoLC)fst01924562</subfield></datafield><datafield ind1=" " ind2="7" tag="651"><subfield code="a">Connecticut</subfield><subfield code="z">Madison.</subfield><subfield code="2">fast</subfield><subfield code="0">(OCoLC)fst01217130</subfield></datafield><datafield ind1=" " ind2=" " tag="752"><subfield code="a">United States</subfield><subfield code="b">Connecticut</subfield><subfield code="c">New Haven</subfield><subfield code="d">Madison.</subfield></datafield></record>